
@article{hefferon_minutes_2005,
	title = {Minutes in less than hours: {Using} {LATEX} resources},
	shorttitle = {Minutes in less than hours},
	url = {http://uktug.tug.org/pracjourn/2005-4/hefferon/hefferon.pdf},
	urldate = {2015-03-13},
	journal = {The PracTEX Journal,(4)},
	author = {Hefferon, Jim},
	year = {2005},
	file = {Hefferon - 2005 - Minutes in less than hours Using LATEX resources.pdf:/users/fogliate/Documents/Zotero/storage/884GDN5W/Hefferon - 2005 - Minutes in less than hours Using LATEX resources.pdf:application/pdf}
}